<collection xmlns="http://www.loc.gov/MARC21/slim">
<record>
  <leader>02114ncm0a22003971i 450 </leader>
  <controlfield tag="001">IT\ICCU\CNCE\046418</controlfield>
  <controlfield tag="005">20130124000000.0</controlfield>
  <datafield tag="012" ind1=" " ind2=" ">
    <subfield code="a">e.u- enin nido mimi (3) 1544 (R)</subfield>
    <subfield code="2">fei</subfield>
  </datafield>
  <datafield tag="100" ind1=" " ind2=" ">
    <subfield code="a">19990119d1544        0itac0103    ba</subfield>
  </datafield>
  <datafield tag="101" ind1=" " ind2=" ">
    <subfield code="a">LAT</subfield>
  </datafield>
  <datafield tag="102" ind1=" " ind2=" ">
    <subfield code="a">IT</subfield>
  </datafield>
  <datafield tag="200" ind1="1" ind2=" ">
    <subfield code="a">℗Cristophori Moralis Hyspalensis ℗Missarum liber primus</subfield>
  </datafield>
  <datafield tag="210" ind1=" " ind2=" ">
    <subfield code="e">Impressum Rome</subfield>
    <subfield code="g">per Valerium Doricum et Ludouicum fratres</subfield>
    <subfield code="h">1544</subfield>
  </datafield>
  <datafield tag="215" ind1=" " ind2=" ">
    <subfield code="a">\1!, CLI c.</subfield>
    <subfield code="d">fol</subfield>
  </datafield>
  <datafield tag="620" ind1=" " ind2=" ">
    <subfield code="a">IT</subfield>
    <subfield code="d">Roma</subfield>
  </datafield>
  <datafield tag="700" ind1=" " ind2="1">
    <subfield code="a">Morales,</subfield>
    <subfield code="b">Cristobal : de</subfield>
    <subfield code="3">IT\ICCU\CNCA\011662</subfield>
  </datafield>
  <datafield tag="712" ind1="0" ind2="0">
    <subfield code="a">Dorico, Valerio &amp; Dorico, Luigi</subfield>
    <subfield code="3">IT\ICCU\CNCT\000187</subfield>
    <subfield code="4">650</subfield>
  </datafield>
  <datafield tag="790" ind1=" " ind2="1">
    <subfield code="a">Morales,</subfield>
    <subfield code="b">Cristobal</subfield>
    <subfield code="3">IT\ICCU\CNCA\021444</subfield>
    <subfield code="z">Morales, Cristobal : de</subfield>
  </datafield>
  <datafield tag="790" ind1=" " ind2="1">
    <subfield code="a">Morales,</subfield>
    <subfield code="b">Christoval : de</subfield>
    <subfield code="3">IT\ICCU\CNCA\021446</subfield>
    <subfield code="z">Morales, Cristobal : de</subfield>
  </datafield>
  <datafield tag="790" ind1=" " ind2="1">
    <subfield code="a">Morales,</subfield>
    <subfield code="b">Cristoforo</subfield>
    <subfield code="3">IT\ICCU\CNCA\021447</subfield>
    <subfield code="z">Morales, Cristobal : de</subfield>
  </datafield>
  <datafield tag="791" ind1="0" ind2="0">
    <subfield code="a">Dorico, Luigi</subfield>
    <subfield code="3">IT\ICCU\CNCT\000188</subfield>
    <subfield code="z">Dorico, Valerio &amp; Dorico, Luigi</subfield>
  </datafield>
  <datafield tag="801" ind1=" " ind2="3">
    <subfield code="a">IT</subfield>
    <subfield code="b">ICCU</subfield>
    <subfield code="c">20201115</subfield>
  </datafield>
  <datafield tag="899" ind1=" " ind2=" ">
    <subfield code="a">Archivio e biblioteca capitolari del Duomo. Arezzo</subfield>
    <subfield code="1">AR0112</subfield>
  </datafield>
  <datafield tag="899" ind1=" " ind2=" ">
    <subfield code="a">Biblioteca Apostolica Vaticana. Citt ̉del Vaticano</subfield>
    <subfield code="1">EX0001</subfield>
    <subfield code="2">ZCV 01</subfield>
  </datafield>
  <datafield tag="899" ind1=" " ind2=" ">
    <subfield code="a">Archivio musicale della Basilica di S. Giovanni in Laterano. Citt ̉del Vaticano</subfield>
    <subfield code="1">EX0004</subfield>
  </datafield>
  <datafield tag="899" ind1=" " ind2=" ">
    <subfield code="a">Biblioteca comunale Ariostea. Ferrara</subfield>
    <subfield code="1">FE0017</subfield>
    <subfield code="2">UFE AR</subfield>
  </datafield>
  <datafield tag="899" ind1=" " ind2=" ">
    <subfield code="a">Biblioteca e Archivio della veneranda fabbrica del Duomo. Milano</subfield>
    <subfield code="1">MI0191</subfield>
    <subfield code="2">LO1 4A</subfield>
  </datafield>
  <datafield tag="899" ind1=" " ind2=" ">
    <subfield code="a">Biblioteca del Conservatorio statale di musica Giuseppe Verdi. Milano</subfield>
    <subfield code="1">MI0344</subfield>
    <subfield code="2">LO1 09</subfield>
  </datafield>
  <datafield tag="899" ind1=" " ind2=" ">
    <subfield code="a">Biblioteca capitolare e archivio. Modena</subfield>
    <subfield code="1">MO0036</subfield>
    <subfield code="2">ZMO 01</subfield>
  </datafield>
  <datafield tag="899" ind1=" " ind2=" ">
    <subfield code="a">Biblioteca dell&apos;Archivio storico diocesano. Novara</subfield>
    <subfield code="1">NO0104</subfield>
    <subfield code="2">ZNO 01</subfield>
  </datafield>
  <datafield tag="899" ind1=" " ind2=" ">
    <subfield code="a">Archivio Capitolare del Duomo di S. Lorenzo. Spoleto</subfield>
    <subfield code="1">PG0409</subfield>
  </datafield>
  <datafield tag="899" ind1=" " ind2=" ">
    <subfield code="a">Biblioteca centrale dell&apos;Area umanistica dell&apos;Universit ̉degli studi di Urbino. Urbino</subfield>
    <subfield code="1">PU0206</subfield>
    <subfield code="2">URB AU</subfield>
  </datafield>
  <datafield tag="899" ind1=" " ind2=" ">
    <subfield code="a">Biblioteca Casanatense. Roma</subfield>
    <subfield code="1">RM0313</subfield>
    <subfield code="2">RML 07</subfield>
  </datafield>
  <datafield tag="899" ind1=" " ind2=" ">
    <subfield code="a">Archivio del Duomo e Biblioteca Piccolomini. Siena</subfield>
    <subfield code="1">SI0154</subfield>
  </datafield>
  <datafield tag="899" ind1=" " ind2=" ">
    <subfield code="a">Biblioteca dell&apos;Opera del Duomo di Orvieto. Orvieto</subfield>
    <subfield code="1">TR0023</subfield>
    <subfield code="2">ZTR 05</subfield>
  </datafield>
  <datafield tag="899" ind1=" " ind2=" ">
    <subfield code="a">Biblioteca civica. Verona</subfield>
    <subfield code="1">VR0059</subfield>
    <subfield code="2">ZVR 02</subfield>
  </datafield>
</record>
</collection>
